
% review of uncertainty
@article{gawlikowski2021survey,
  title={A survey of uncertainty in deep neural networks},
  author={Gawlikowski, Jakob and Tassi, Cedrique Rovile Njieutcheu and Ali, Mohsin and Lee, Jongseok and Humt, Matthias and Feng, Jianxiang and Kruspe, Anna and Triebel, Rudolph and Jung, Peter and Roscher, Ribana and others},
  journal={arXiv preprint arXiv:2107.03342},
  year={2021}
}

% MC dropout
@article{laurance2002predictors,
  title={Predictors of deforestation in the Brazilian Amazon},
  author={Laurance, William F and Albernaz, Ana KM and Schroth, G{\"o}tz and Fearnside, Philip M and Bergen, Scott and Venticinque, Eduardo M and Da Costa, Carlos},
  journal={Journal of biogeography},
  volume={29},
  number={5-6},
  pages={737--748},
  year={2002},
  publisher={Wiley Online Library}
}

@inproceedings{gal2016dropout,
  title={Dropout as a bayesian approximation: Representing model uncertainty in deep learning},
  author={Gal, Yarin and Ghahramani, Zoubin},
  booktitle={international conference on machine learning},
  pages={1050--1059},
  year={2016},
  organization={PMLR}
}

% spatial dropout
@article{lee2020revisiting,
  title={Revisiting spatial dropout for regularizing convolutional neural networks},
  author={Lee, Sanghun and Lee, Chulhee},
  journal={Multimedia Tools and Applications},
  volume={79},
  number={45},
  pages={34195--34207},
  year={2020},
  publisher={Springer}
}

% Base networks


@inproceedings{ronneberger2015u,
  title={U-net: Convolutional networks for biomedical image segmentation},
  author={Ronneberger, Olaf and Fischer, Philipp and Brox, Thomas},
  booktitle={International Conference on Medical image computing and computer-assisted intervention},
  pages={234--241},
  year={2015},
  organization={Springer}
}

@inproceedings{jha2019resunet++,
  title={Resunet++: An advanced architecture for medical image segmentation},
  author={Jha, Debesh and Smedsrud, Pia H and Riegler, Michael A and Johansen, Dag and De Lange, Thomas and Halvorsen, P{\aa}l and Johansen, H{\aa}vard D},
  booktitle={2019 IEEE International Symposium on Multimedia (ISM)},
  pages={225--2255},
  year={2019},
  organization={IEEE}
}

@article{zhang2022dino,
  title={Dino: Detr with improved denoising anchor boxes for end-to-end object detection},
  author={Zhang, Hao and Li, Feng and Liu, Shilong and Zhang, Lei and Su, Hang and Zhu, Jun and Ni, Lionel M and Shum, Heung-Yeung},
  journal={arXiv preprint arXiv:2203.03605},
  year={2022}
}

@inproceedings{liu2021swin,
  title={Swin transformer: Hierarchical vision transformer using shifted windows},
  author={Liu, Ze and Lin, Yutong and Cao, Yue and Hu, Han and Wei, Yixuan and Zhang, Zheng and Lin, Stephen and Guo, Baining},
  booktitle={Proceedings of the IEEE/CVF international conference on computer vision},
  pages={10012--10022},
  year={2021}
}

% networks for deforestation detection

@inproceedings{ortega2021comparison,
  title={Comparison of Optical and SAR Data for Deforestation Mapping in the Amazon Rainforest with Fully Convolutional Networks},
  author={Ortega, Mabel X and Feitosa, Raul Q and Bermudez, Jose D and Happ, Patrick N and De Almeida, Claudio A},
  booktitle={2021 IEEE International Geoscience and Remote Sensing Symposium IGARSS},
  pages={3769--3772},
  year={2021},
  organization={IEEE}
}

@article{adarme2022multi,
  title={MULTI-ATTENTION GHOSTNET FOR DEFORESTATION DETECTION IN THE AMAZON RAINFOREST},
  author={Adarme, MX Ortega and Costa, GAOP and Feitosa, RQ},
  journal={ISPRS Annals of the Photogrammetry, Remote Sensing and Spatial Information Sciences},
  volume={3},
  pages={657--664},
  year={2022},
  publisher={Copernicus GmbH}
}

@article{torres2021deforestation,
  title={Deforestation Detection with Fully Convolutional Networks in the Amazon Forest from Landsat-8 and Sentinel-2 Images},
  author={Torres, Daliana Lobo and Turnes, Javier Noa and Soto Vega, Pedro Juan and Feitosa, Raul Queiroz and Silva, Daniel E and Marcato Junior, Jose and Almeida, Claudio},
  journal={Remote Sensing},
  volume={13},
  number={24},
  pages={5084},
  year={2021},
  publisher={MDPI}
}

% ensembles

@article{lakshminarayanan2017simple,
  title={Simple and scalable predictive uncertainty estimation using deep ensembles},
  author={Lakshminarayanan, Balaji and Pritzel, Alexander and Blundell, Charles},
  journal={Advances in neural information processing systems},
  volume={30},
  year={2017}
}
@article{mehrtash2020confidence,
  title={Confidence calibration and predictive uncertainty estimation for deep medical image segmentation},
  author={Mehrtash, Alireza and Wells, William M and Tempany, Clare M and Abolmaesumi, Purang and Kapur, Tina},
  journal={IEEE transactions on medical imaging},
  volume={39},
  number={12},
  pages={3868--3878},
  year={2020},
  publisher={IEEE}
}


% MC dropout in UNet

@inproceedings{dechesne2021bayesian,
  title={Bayesian Deep Learning with Monte Carlo Dropout for Qualification of Semantic Segmentation},
  author={Dechesne, Cl{\'e}ment and Lassalle, Pierre and Lef{\`e}vre, S{\'e}bastien},
  booktitle={2021 IEEE International Geoscience and Remote Sensing Symposium IGARSS},
  pages={2536--2539},
  year={2021},
  organization={IEEE}
}

@article{nguyen2021comparison,
  title={A comparison of Monte Carlo dropout and bootstrap aggregation on the performance and uncertainty estimation in radiation therapy dose prediction with deep learning neural networks},
  author={Nguyen, Dan and Barkousaraie, Azar Sadeghnejad and Bohara, Gyanendra and Balagopal, Anjali and McBeth, Rafe and Lin, Mu-Han and Jiang, Steve},
  journal={Physics in Medicine \& Biology},
  volume={66},
  number={5},
  pages={054002},
  year={2021},
  publisher={IOP Publishing}
}

@article{kwon2020uncertainty,
  title={Uncertainty quantification using Bayesian neural networks in classification: Application to biomedical image segmentation},
  author={Kwon, Yongchan and Won, Joong-Ho and Kim, Beom Joon and Paik, Myunghee Cho},
  journal={Computational Statistics \& Data Analysis},
  volume={142},
  pages={106816},
  year={2020},
  publisher={Elsevier}
}

@inproceedings{joshi2021explainable,
  title={Explainable fingerprint roi segmentation using monte carlo dropout},
  author={Joshi, Indu and Kothari, Riya and Utkarsh, Ayush and Kurmi, Vinod K and Dantcheva, Antitza and Roy, Sumantra Dutta and Kalra, Prem Kumar},
  booktitle={Proceedings of the IEEE/CVF Winter Conference on Applications of Computer Vision},
  pages={60--69},
  year={2021}
}


@article{wu2022closer,
  title={A CLOSER LOOK AT SEGMENTATION UNCERTAINTY OF SCANNED HISTORICAL MAPS},
  author={Wu, Sidi and Heitzler, Magnus and Hurni, Lorenz},
  journal={The International Archives of Photogrammetry, Remote Sensing and Spatial Information Sciences},
  volume={43},
  pages={189--194},
  year={2022},
  publisher={Copernicus GmbH}
}

@inproceedings{huang2018efficient,
  title={Efficient uncertainty estimation for semantic segmentation in videos},
  author={Huang, Po-Yu and Hsu, Wan-Ting and Chiu, Chun-Yueh and Wu, Ting-Fan and Sun, Min},
  booktitle={Proceedings of the European Conference on Computer Vision (ECCV)},
  pages={520--535},
  year={2018}
}


% ----------- DEFORESTATION REFERENCE --------- %
@misc{prodes,
   author = {INPE},
   title = {National Institute for Space Research. General coordination of Earth observation. Monitoring program of the Amazon and other Biomes. Deforestation - Legal Amazon -},
   year={2021},
   howpublished = "\url{http://terrabrasilis.dpi.inpe.br}",
}

@article{morton2006cropland,
  title={Cropland expansion changes deforestation dynamics in the southern Brazilian Amazon},
  author={Morton, Douglas C and DeFries, Ruth S and Shimabukuro, Yosio E and Anderson, Liana O and Arai, Egidio and del Bon Espirito-Santo, Fernando and Freitas, Ramon and Morisette, Jeff},
  journal={Proceedings of the National Academy of Sciences},
  volume={103},
  number={39},
  pages={14637--14641},
  year={2006},
  publisher={National Acad Sciences}
}
% ---- confidence based active larning

@article{zhdanov2019diverse,
  title={Diverse mini-batch active learning},
  author={Zhdanov, Fedor},
  journal={arXiv preprint arXiv:1901.05954},
  year={2019}
}

@article{zhan2022comparative,
  title={A comparative survey of deep active learning},
  author={Zhan, Xueying and Wang, Qingzhong and Huang, Kuan-hao and Xiong, Haoyi and Dou, Dejing and Chan, Antoni B},
  journal={arXiv preprint arXiv:2203.13450},
  year={2022}
}

% ------- evidential learning active learning

@article{hemmer2022deal,
  title={Deal: Deep evidential active learning for image classification},
  author={Hemmer, Patrick and K{\"u}hl, Niklas and Sch{\"o}ffer, Jakob},
  journal={Deep Learning Applications, Volume 3},
  pages={171--192},
  year={2022},
  publisher={Springer}
}

% --------- SECONARY VEGETATION MAPPING ----- %

@article{almeida2016high,
  title={High spatial resolution land use and land cover mapping of the Brazilian Legal Amazon in 2008 using Landsat-5/TM and MODIS data},
  author={Almeida, Cl{\'a}udio Aparecido de and Coutinho, Alexandre Camargo and Esquerdo, J{\'u}lio C{\'e}sar Dalla Mora and Adami, Marcos and Venturieri, Adriano and Diniz, Cesar Guerreiro and Dessay, Nadine and Durieux, Laurent and Gomes, Alessandra Rodrigues},
  journal={Acta Amazonica},
  volume={46},
  pages={291--302},
  year={2016},
  publisher={SciELO Brasil}
}
@article{kiyohara2022mapping,
  title={Mapping Secondary Vegetation of a Region of Deforestation Hotspot in the Brazilian Amazon: Performance Analysis of C-and L-Band SAR Data Acquired in the Rainy Season},
  author={Kiyohara, B{\'a}rbara Hass and Sano, Edson Eyji},
  journal={Forests},
  volume={13},
  number={9},
  pages={1457},
  year={2022},
  publisher={MDPI}
}

% --------- Confidence based uncertainty

@article{amorocho1973entropy,
  title={Entropy in the assessment of uncertainty in hydrologic systems and models},
  author={Amorocho, J and Espildora, B},
  journal={Water Resources Research},
  volume={9},
  number={6},
  pages={1511--1522},
  year={1973},
  publisher={Wiley Online Library}
}
@inproceedings{wang2014new,
  title={A new active labeling method for deep learning},
  author={Wang, Dan and Shang, Yi},
  booktitle={2014 International joint conference on neural networks (IJCNN)},
  pages={112--119},
  year={2014},
  organization={IEEE}
}


% ------------ MONTE CARLO DROPOUT DEFINITION ---- %

@inproceedings{gal2016dropout,
  title={Dropout as a bayesian approximation: Representing model uncertainty in deep learning},
  author={Gal, Yarin and Ghahramani, Zoubin},
  booktitle={international conference on machine learning},
  pages={1050--1059},
  year={2016},
  organization={PMLR}
}

% --------- ENSEMBLE ---------- %

@inproceedings{yang2017suggestive,
  title={Suggestive annotation: A deep active learning framework for biomedical image segmentation},
  author={Yang, Lin and Zhang, Yizhe and Chen, Jianxu and Zhang, Siyuan and Chen, Danny Z},
  booktitle={International conference on medical image computing and computer-assisted intervention},
  pages={399--407},
  year={2017},
  organization={Springer}
}

% --------- TRANSFORMER ------ %


@inproceedings{ranftl2021vision,
  title={Vision transformers for dense prediction},
  author={Ranftl, Ren{\'e} and Bochkovskiy, Alexey and Koltun, Vladlen},
  booktitle={Proceedings of the IEEE/CVF International Conference on Computer Vision},
  pages={12179--12188},
  year={2021}
}


@inproceedings{yang2021uncertainty,
  title={Uncertainty-guided transformer reasoning for camouflaged object detection},
  author={Yang, Fan and Zhai, Qiang and Li, Xin and Huang, Rui and Luo, Ao and Cheng, Hong and Fan, Deng-Ping},
  booktitle={Proceedings of the IEEE/CVF International Conference on Computer Vision},
  pages={4146--4155},
  year={2021}
}

@inproceedings{pei2022transformer,
  title={Transformer uncertainty estimation with hierarchical stochastic attention},
  author={Pei, Jiahuan and Wang, Cheng and Szarvas, Gy{\"o}rgy},
  booktitle={Proceedings of the AAAI Conference on Artificial Intelligence},
  volume={36},
  number={10},
  pages={11147--11155},
  year={2022}
}

@article{sankararaman2022bayesformer,
  title={BayesFormer: Transformer with Uncertainty Estimation},
  author={Sankararaman, Karthik Abinav and Wang, Sinong and Fang, Han},
  journal={arXiv preprint arXiv:2206.00826},
  year={2022}
}

@inproceedings{vazhentsev2022uncertainty,
  title={Uncertainty Estimation of Transformer Predictions for Misclassification Detection},
  author={Vazhentsev, Artem and Kuzmin, Gleb and Shelmanov, Artem and Tsvigun, Akim and Tsymbalov, Evgenii and Fedyanin, Kirill and Panov, Maxim and Panchenko, Alexander and Gusev, Gleb and Burtsev, Mikhail and others},
  booktitle={Proceedings of the 60th Annual Meeting of the Association for Computational Linguistics (Volume 1: Long Papers)},
  pages={8237--8252},
  year={2022}
}

@article{bin2022efficient,
  title={An Efficient and Uncertainty-Aware Decision Support System for Disaster Response Using Aerial Imagery},
  author={Bin, Junchi and Zhang, Ran and Wang, Rui and Cao, Yue and Zheng, Yufeng and Blasch, Erik and Liu, Zheng},
  journal={Sensors},
  volume={22},
  number={19},
  pages={7167},
  year={2022},
  publisher={MDPI}
}

@article{lee2021fnet,
  title={Fnet: Mixing tokens with fourier transforms},
  author={Lee-Thorp, James and Ainslie, Joshua and Eckstein, Ilya and Ontanon, Santiago},
  journal={arXiv preprint arXiv:2105.03824},
  year={2021}
}


% -------- CONFIDENCE BASED UNCERTAINTY -- %

@article{makingsynthesis,
  title={Synthesis Lectures on Artificial Intelligence and Machine Learning},
  author={Making, Multi-Objective Decision}
}

@article{wang2019aleatoric,
  title={Aleatoric uncertainty estimation with test-time augmentation for medical image segmentation with convolutional neural networks},
  author={Wang, Guotai and Li, Wenqi and Aertsen, Michael and Deprest, Jan and Ourselin, S{\'e}bastien and Vercauteren, Tom},
  journal={Neurocomputing},
  volume={338},
  pages={34--45},
  year={2019},
  publisher={Elsevier}
}

% -------- UNCERTAINTY METRICS -------- %
@article{learned2013entropy,
  title={Entropy and mutual information},
  author={Learned-Miller, Erik G},
  journal={Department of Computer Science, University of Massachusetts, Amherst},
  pages={4},
  year={2013}
}

@article{netzer2011reading,
  title={Reading digits in natural images with unsupervised feature learning},
  author={Netzer, Yuval and Wang, Tao and Coates, Adam and Bissacco, Alessandro and Wu, Bo and Ng, Andrew Y},
  year={2011}
}


@article{kullback1951information,
  title={On information and sufficiency},
  author={Kullback, Solomon and Leibler, Richard A},
  journal={The annals of mathematical statistics},
  volume={22},
  number={1},
  pages={79--86},
  year={1951},
  publisher={JSTOR}
}

%% --------- evidential learning -----%%

@article{sensoy2018evidential,
  title={Evidential deep learning to quantify classification uncertainty},
  author={Sensoy, Murat and Kaplan, Lance and Kandemir, Melih},
  journal={Advances in neural information processing systems},
  volume={31},
  year={2018}
}


@inproceedings{ronneberger2015u,
  title={U-net: Convolutional networks for biomedical image segmentation},
  author={Ronneberger, Olaf and Fischer, Philipp and Brox, Thomas},
  booktitle={Medical Image Computing and Computer-Assisted Intervention--MICCAI 2015: 18th International Conference, Munich, Germany, October 5-9, 2015, Proceedings, Part III 18},
  pages={234--241},
  year={2015},
  organization={Springer}
}


% ---- TRANSFORMERS -------- %

@article{vaswani2017attention,
  title={Attention is all you need},
  author={Vaswani, Ashish and Shazeer, Noam and Parmar, Niki and Uszkoreit, Jakob and Jones, Llion and Gomez, Aidan N and Kaiser, {\L}ukasz and Polosukhin, Illia},
  journal={Advances in neural information processing systems},
  volume={30},
  year={2017}
}


@inproceedings{ranftl2021vision,
  title={Vision transformers for dense prediction},
  author={Ranftl, Ren{\'e} and Bochkovskiy, Alexey and Koltun, Vladlen},
  booktitle={Proceedings of the IEEE/CVF International Conference on Computer Vision},
  pages={12179--12188},
  year={2021}
}

@article{dosovitskiy2020image,
  title={An image is worth 16x16 words: Transformers for image recognition at scale},
  author={Dosovitskiy, Alexey and Beyer, Lucas and Kolesnikov, Alexander and Weissenborn, Dirk and Zhai, Xiaohua and Unterthiner, Thomas and Dehghani, Mostafa and Minderer, Matthias and Heigold, Georg and Gelly, Sylvain and others},
  journal={arXiv preprint arXiv:2010.11929},
  year={2020}
}
@article{lin2022survey,
  title={A survey of transformers},
  author={Lin, Tianyang and Wang, Yuxin and Liu, Xiangyang and Qiu, Xipeng},
  journal={AI Open},
  year={2022},
  publisher={Elsevier}
}

% --------- PREDICTIVE ENTROPY ----------- %

@article{wang2019aleatoric,
  title={Aleatoric uncertainty estimation with test-time augmentation for medical image segmentation with convolutional neural networks},
  author={Wang, Guotai and Li, Wenqi and Aertsen, Michael and Deprest, Jan and Ourselin, S{\'e}bastien and Vercauteren, Tom},
  journal={Neurocomputing},
  volume={338},
  pages={34--45},
  year={2019},
  publisher={Elsevier}
}


@article{mcclure2019knowing,
  title={Knowing what you know in brain segmentation using Bayesian deep neural networks},
  author={McClure, Patrick and Rho, Nao and Lee, John A and Kaczmarzyk, Jakub R and Zheng, Charles Y and Ghosh, Satrajit S and Nielson, Dylan M and Thomas, Adam G and Bandettini, Peter and Pereira, Francisco},
  journal={Frontiers in neuroinformatics},
  volume={13},
  pages={67},
  year={2019},
  publisher={Frontiers Media SA}
}

% -------- ACTIVE LEARNING UNCERTAINTY ----- %

@article{di2019deep,
  title={Deep active learning for axon-myelin segmentation on histology data},
  author={Di Scandalea, Melanie Lubrano and Perone, Christian S and Boudreau, Mathieu and Cohen-Adad, Julien},
  journal={arXiv preprint arXiv:1907.05143},
  year={2019}
}

@inproceedings{gal2017deep,
  title={Deep bayesian active learning with image data},
  author={Gal, Yarin and Islam, Riashat and Ghahramani, Zoubin},
  booktitle={International Conference on Machine Learning},
  pages={1183--1192},
  year={2017},
  organization={PMLR}
}

@article{kirsch2019batchbald,
  title={Batchbald: Efficient and diverse batch acquisition for deep bayesian active learning},
  author={Kirsch, Andreas and Van Amersfoort, Joost and Gal, Yarin},
  journal={Advances in neural information processing systems},
  volume={32},
  year={2019}
}

@inproceedings{aghdam2019active,
  title={Active learning for deep detection neural networks},
  author={Aghdam, Hamed H and Gonzalez-Garcia, Abel and Weijer, Joost van de and L{\'o}pez, Antonio M},
  booktitle={Proceedings of the IEEE/CVF International Conference on Computer Vision},
  pages={3672--3680},
  year={2019}
}

@article{ren2021survey,
  title={A survey of deep active learning},
  author={Ren, Pengzhen and Xiao, Yun and Chang, Xiaojun and Huang, Po-Yao and Li, Zhihui and Gupta, Brij B and Chen, Xiaojiang and Wang, Xin},
  journal={ACM computing surveys (CSUR)},
  volume={54},
  number={9},
  pages={1--40},
  year={2021},
  publisher={ACM New York, NY}
}
% ------- CALIBRATION OF NETWORKS ------------ %

@inproceedings{guo2017calibration,
  title={On calibration of modern neural networks},
  author={Guo, Chuan and Pleiss, Geoff and Sun, Yu and Weinberger, Kilian Q},
  booktitle={International conference on machine learning},
  pages={1321--1330},
  year={2017},
  organization={PMLR}
}

% -------- SURVEY UNCERTAINTY =----------- %

@article{gawlikowski2021survey,
  title={A survey of uncertainty in deep neural networks},
  author={Gawlikowski, Jakob and Tassi, Cedrique Rovile Njieutcheu and Ali, Mohsin and Lee, Jongseok and Humt, Matthias and Feng, Jianxiang and Kruspe, Anna and Triebel, Rudolph and Jung, Peter and Roscher, Ribana and others},
  journal={arXiv preprint arXiv:2107.03342},
  year={2021}
}

% ------------ FUTURE WORKS



@inproceedings{ranftl2021vision,
  title={Vision transformers for dense prediction},
  author={Ranftl, Ren{\'e} and Bochkovskiy, Alexey and Koltun, Vladlen},
  booktitle={Proceedings of the IEEE/CVF International Conference on Computer Vision},
  pages={12179--12188},
  year={2021}
}






















% ------ OLD 
@article{lu2007survey,
	title={A survey of image classification methods and techniques for improving classification performance},
	author={Lu, Dengsheng and Weng, Qihao},
	journal={International journal of Remote sensing},
	volume={28},
	number={5},
	pages={823--870},
	year={2007},
	publisher={Taylor \& Francis}
}

@inproceedings{faria2012automatic,
	title={Automatic fusion of region-based classifiers for coffee crop recognition},
	author={Faria, Fabio A and dos Santos, Jefersson A and Torres, Ricardo da S and Rocha, Anderson and Falcao, Alexandre X},
	booktitle={Geoscience and Remote Sensing Symposium (IGARSS), 2012 IEEE International},
	pages={2221--2224},
	year={2012},
	organization={IEEE}
}

@article{mosleh2015application,
	title={Application of remote sensors in mapping rice area and forecasting its production: A review},
	author={Mosleh, Mostafa K and Hassan, Quazi K and Chowdhury, Ehsan H},
	journal={Sensors},
	volume={15},
	number={1},
	pages={769--791},
	year={2015},
	publisher={Multidisciplinary Digital Publishing Institute}
}

@article{sonobe2015discrimination,
	title={Discrimination of crop types with TerraSAR-X-derived information},
	author={Sonobe, Rei and Tani, Hiroshi and Wang, Xiufeng and Kobayashi, Nobuyuki and Shimamura, Hideki},
	journal={Physics and Chemistry of the Earth, Parts A/B/C},
	volume={83},
	pages={2--13},
	year={2015},
	publisher={Elsevier}
}

@article{jiao2014object,
	title={Object-oriented crop mapping and monitoring using multi-temporal polarimetric RADARSAT-2 data},
	author={Jiao, Xianfeng and Kovacs, John M and Shang, Jiali and McNairn, Heather and Walters, Dan and Ma, Baoluo and Geng, Xiaoyuan},
	journal={ISPRS Journal of Photogrammetry and Remote Sensing},
	volume={96},
	pages={38--46},
	year={2014},
	publisher={Elsevier}
}

@inproceedings{moser2011multitemporal,
	title={Multitemporal region-based classification of high-resolution images by Markov random fields and multiscale segmentation},
	author={Moser, Gabriele and Serpico, Sebastiano B},
	booktitle={Geoscience and Remote Sensing Symposium (IGARSS), 2011 IEEE International},
	pages={102--105},
	year={2011},
	organization={IEEE}
}

@inproceedings{Hoberg2010,
author = {Hoberg, Thorsten and Rottensteiner, Franz and Heipke, Christian},
booktitle = {2010 IAPR Workshop on Pattern Recognition in Remote Sensing},
doi = {10.1109/PRRS.2010.5742800},
isbn = {978-1-4244-7258-1},
month = {aug},
pages = {1--4},
publisher = {IEEE},
title = {{Classification of multitemporal remote sensing data using Conditional Random Fields}},
url = {http://ieeexplore.ieee.org/document/5742800/},
year = {2010}
}

@article{kenduiywo2017higher,
	title={Higher Order Dynamic Conditional Random Fields Ensemble for Crop Type Classification in Radar Images},
	author={Kenduiywo, Benson Kipkemboi and Bargiel, Damian and Soergel, Uwe},
	journal={IEEE Transactions on Geoscience and Remote Sensing},
	year={2017},
	publisher={IEEE}
}

@inproceedings{kussul2016deep,
	title={Deep learning approach for large scale land cover mapping based on remote sensing data fusion},
	author={Kussul, Nataliia and Shelestov, Andrii and Lavreniuk, Mykola and Butko, Igor and Skakun, Sergii},
	booktitle={Geoscience and Remote Sensing Symposium (IGARSS), 2016 IEEE International},
	pages={198--201},
	year={2016},
	organization={IEEE}
}

@article{romero2016unsupervised,
	title={Unsupervised deep feature extraction for remote sensing image classification},
	author={Romero, Adriana and Gatta, Carlo and Camps-Valls, Gustau},
	journal={IEEE Transactions on Geoscience and Remote Sensing},
	volume={54},
	number={3},
	pages={1349--1362},
	year={2016},
	publisher={IEEE}
}


@inproceedings{lafferty2001conditional,
	author = {Lafferty, John D. and McCallum, Andrew and Pereira, Fernando C. N.},
	title = {Conditional Random Fields: Probabilistic Models for Segmenting and Labeling Sequence Data},
	booktitle = {Proceedings of the Eighteenth International Conference on Machine Learning},
	series = {ICML '01},
	year = {2001},
	isbn = {1-55860-778-1},
	pages = {282--289},
	numpages = {8},
	url = {http://dl.acm.org/citation.cfm?id=645530.655813},
	acmid = {655813},
	publisher = {Morgan Kaufmann Publishers Inc.},
	address = {San Francisco, CA, USA},
}

@article{kumar2006discriminative,
	title={Discriminative random fields},
	author={Kumar, Sanjiv and Hebert, Martial},
	journal={International Journal of Computer Vision},
	volume={68},
	number={2},
	pages={179--201},
	year={2006},
	publisher={Springer Netherlands}
}

@article{breiman2001RF,
	author = {Breiman, Leo},
	title = {Random Forests},
	journal = {Mach. Learn.},
	volume = {45},
	number = {1},
	year = {2001},
	issn = {0885-6125},
	pages = {5--32},
	numpages = {28},
	url = {https://doi.org/10.1023/A:1010933404324},
	doi = {10.1023/A:1010933404324},
	acmid = {570182},
	publisher = {Kluwer Academic Publishers},
	address = {Hingham, MA, USA},
} 

@article{schindler2012PotssApp,
	author = {{Schindler}, K.},
	title = "{An Overview and Comparison of Smooth Labeling Methods for Land-Cover Classification}",
	journal = {IEEE Transactions on Geoscience and Remote Sensing},
	year = {2012},
	volume = {50},
	pages = {4534-4545},
	doi = {10.1109/TGRS.2012.2192741},
	adsurl = {http://adsabs.harvard.edu/abs/2012ITGRS..50.4534S},
	adsnote = {Provided by the SAO/NASA Astrophysics Data System}
}

@article{shotton2009PotssModel,
	title={Textonboost for image understanding: Multi-class object recognition and segmentation by jointly modeling texture, layout, and context},
	author={Shotton, Jamie and Winn, John and Rother, Carsten and Criminisi, Antonio},
	journal={International Journal of Computer Vision},
	volume={81},
	number={1},
	pages={2--23},
	year={2009},
	publisher={Springer}
}

@inproceedings{frey1998LBP,
 author = {Frey, Brendan J. and MacKay, David J. C.},
 title = {A Revolution: Belief Propagation in Graphs with Cycles},
 booktitle = {Proceedings of the 1997 Conference on Advances in Neural Information Processing Systems 10},
 series = {NIPS '97},
 year = {1998},
 isbn = {0-262-10076-2},
 location = {Denver, Colorado, USA},
 pages = {479--485},
 numpages = {7},
 url = {http://dl.acm.org/citation.cfm?id=302528.302740},
 acmid = {302740},
 publisher = {MIT Press},
 address = {Cambridge, MA, USA},
} 

@ARTICLE{sanches2018CampoVerde, 
author={I. Del’Arco Sanches and R. Q. Feitosa and P. M. Achanccaray Diaz and M. Dias Soares and A. J. Barreto Luiz and B. Schultz and L. E. Pinheiro Maurano}, 
journal={IEEE Geoscience and Remote Sensing Letters}, 
title={Campo Verde Database: Seeking to Improve Agricultural Remote Sensing of Tropical Areas}, 
year={2018}, 
volume={15}, 
number={3}, 
pages={369-373}, 
keywords={agriculture;crops;forestry;geophysical image processing;irrigation;synthetic aperture radar;time series;vegetation mapping;radar data;tropical agricultural applications;optical remote sensing;Sentinel-1 data set;preprocessed synthetic aperture radar Sentinel-1;Landsat-8/Operational Land Imager images;Brazilian crop year;forestry production;livestock;double cropping systems;primary crops;central west Brazil;Brazilian Savanna;Cerrado biome;Mato Grosso state;agricultural mapping;crop recognition;tropical agriculture;remote sensing technology;Campo Verde agricultural database;crop rotation;early varieties;minimum cultivation;agricultural technologies;favorable climate;tropical/subtropical regions;tropical areas;agricultural remote sensing;Campo Verde database;Remote sensing;Databases;Cotton;Earth;Soil;Artificial satellites;Agricultural mapping/monitoring;double cropping systems;free available database;remote sensing;synthetic aperture radar (SAR);tropical agriculture}, 
doi={10.1109/LGRS.2017.2789120}, 
ISSN={1545-598X}, 
month={March},}

@Article{sanches2018LEM,
AUTHOR = {Sanches, I. D. and Feitosa, R. Q. and Achanccaray, P. and Montibeller, B. and Luiz, A. J. B. and Soares, M. D. and Prudente, V. H. R. and Vieira, D. C. and Maurano, L. E. P.},
TITLE = {LEM BENCHMARK DATABASE FOR TROPICAL AGRICULTURAL REMOTE SENSING APPLICATION},
JOURNAL = {ISPRS - International Archives of the Photogrammetry, Remote Sensing and Spatial Information Sciences},
VOLUME = {XLII-1},
YEAR = {2018},
PAGES = {387--392},
URL = {https://www.int-arch-photogramm-remote-sens-spatial-inf-sci.net/XLII-1/387/2018/},
DOI = {10.5194/isprs-archives-XLII-1-387-2018}
}

@Article{koppen2007,
AUTHOR = {Peel, M. C. and Finlayson, B. L. and McMahon, T. A.},
TITLE = {Updated world map of the K\"{o}ppen-Geiger climate classification},
JOURNAL = {Hydrology and Earth System Sciences},
VOLUME = {11},
YEAR = {2007},
NUMBER = {5},
PAGES = {1633--1644},
URL = {https://www.hydrol-earth-syst-sci.net/11/1633/2007/},
DOI = {10.5194/hess-11-1633-2007}
}

@book{Hastie2009,
  author    = {Trevor Hastie and
               Robert Tibshirani and
               Jerome H. Friedman},
  title     = {The elements of statistical learning: data mining, inference, and
               prediction, 2nd Edition},
  series    = {Springer series in statistics},
  publisher = {Springer},
  year      = {2009},
  url       = {http://www.worldcat.org/oclc/300478243},
  isbn      = {9780387848570},
  timestamp = {Wed, 03 May 2017 01:00:00 +0200},
  biburl    = {https://dblp.org/rec/bib/books/lib/HastieTF09},
  bibsource = {dblp computer science bibliography, https://dblp.org}
}

@book{lillesand2014remote,
  title={Remote Sensing and Image Interpretation},
  author={Lillesand, T. and Kiefer, R.W. and Chipman, J.},
  isbn={9781118343289},
  lccn={2014046641},
  url={https://books.google.de/books?id=AFHDCAAAQBAJ},
  year={2014},
  publisher={John Wiley \& Sons}
}
 
@Article{Gao2018Sensors,
AUTHOR = {Gao, Han and Wang, Changcheng and Wang, Guanya and Zhu, Jianjun and Tang, Yuqi and Shen, Peng and Zhu, Ziwei},
TITLE = {A Crop Classification Method Integrating GF-3 PolSAR and Sentinel-2A Optical Data in the Dongting Lake Basin},
JOURNAL = {Sensors},
VOLUME = {18},
YEAR = {2018},
NUMBER = {9},
ARTICLE-NUMBER = {3139},
URL = {http://www.mdpi.com/1424-8220/18/9/3139},
ISSN = {1424-8220},
ABSTRACT = {With the increasing of satellite sensors, more available multi-source data can be used for large-scale high-precision crop classification. Both polarimetric synthetic aperture radar (PolSAR) and multi-spectral optical data have been widely used for classification. However, it is difficult to combine the covariance matrix of PolSAR data with the spectral bands of optical data. Using Hoekman&rsquo;s method, this study solves the above problems by transforming the covariance matrix to an intensity vector that includes multiple intensity values on different polarization basis. In order to reduce the features redundancy, the principal component analysis (PCA) algorithm is adopted to select some useful polarimetric and optical features. In this study, the PolSAR data acquired by satellite Gaofen-3 (GF-3) on 19 July 2017 and the optical data acquired by Sentinel-2A on 17 July 2017 over the Dongting lake basin are selected for the validation experiment. The results show that the full feature integration method proposed in this study achieves an overall classification accuracy of 85.27%, higher than that of the single dataset method or some other feature integration modes.},
DOI = {10.3390/s18093139}
}

@article{araujo2018,
  title={Big earth observation time series analysis for monitoring Brazilian agriculture},
  author={Picoli, Michelle Cristina Araujo and Camara, Gilberto and Sanches, Ieda and Sim{\~o}es, Rolf and Carvalho, Alexandre and Maciel, Adeline and Coutinho, Alexandre and Esquerdo, Julio and Antunes, Jo{\~a}o and Begotti, Rodrigo Anzolin and others},
  journal={ISPRS journal of photogrammetry and remote sensing},
  volume={145},
  pages={328--339},
  year={2018},
  publisher={Elsevier}
}

@article{DirzoRaven2003,
author = {Dirzo, Rodolfo and Raven, Peter H.},
title = {Global State of Biodiversity and Loss},
journal = {Annual Review of Environment and Resources},
volume = {28},
number = {1},
pages = {137-167},
year = {2003},
doi = {10.1146/annurev.energy.28.050302.105532},
URL = { https://doi.org/10.1146/annurev.energy.28.050302.105532},
eprint = { https://doi.org/10.1146/annurev.energy.28.050302.105532},
abstract = { Biodiversity, a central component of Earth's life support systems, is directly relevant to human societies. We examine the dimensions and nature of the Earth's terrestrial biodiversity and review the scientific facts concerning the rate of loss of biodiversity and the drivers of this loss. The estimate for the total number of species of eukaryotic organisms possible lies in the 5–15 million range, with a best guess of ∼7 million. Species diversity is unevenly distributed; the highest concentrations are in tropical ecosystems. Endemisms are concentrated in a few hotspots, which are in turn seriously threatened by habitat destruction—the most prominent driver of biodiversity loss. For the past 300 years, recorded extinctions for a few groups of organisms reveal rates of extinction at least several hundred times the rate expected on the basis of the geological record. The loss of biodiversity is the only truly irreversible global environmental change the Earth faces today. }
}

@misc{IPCC2014summarypolicymakers,
  title={Summary for policymakers},
  author={Edenhofer, Ottmar and Pichs-Madruga, Ram{\'o}n and Sokona, Youba and Agrawala, S and Bashmakov, IA and Blanco, G and Broome, J and Bruckner, T and Brunner, S and Bustamante, M and others},
  year={2014},
  publisher={Cambridge University Press}
}

@misc{FAOAQUASAT2018,
author = {Food and Agricultural Organization of the United Nations (FAO) - AQUASAT},
title = {Water Uses - Water withdrawal ratios by continent},
url = {http://www.fao.org/nr/water/aquastat/water_use/index.stm},
urldate = {2019-01-09},
year = {2018}
}

@book{UNWater2012,
address = {France},
author = {UNESCO World Water Assessment Programme (WWAP)},
booktitle = {United Nations world water development report 4: managing water under uncertainty and risk},
edition = {3},
isbn = {978-92-3-001045-4},
publisher = {Paris:UNESCO},
title = {United Nations world water development report 4: managing water under uncertainty and risk},
year = {2012}
}

@book{Prasad2015,
title={Land resources monitoring, modeling, and mapping with remote sensing},
author={Thenkabail, Prasad S},
year={2015},
publisher={CRC Press}
}

@article{Tilman2011,
  title={Global food demand and the sustainable intensification of agriculture},
  author={Tilman, David and Balzer, Christian and Hill, Jason and Befort, Belinda L},
  journal={Proceedings of the National Academy of Sciences},
  volume={108},
  number={50},
  pages={20260--20264},
  year={2011},
  publisher={National Acad Sciences}
}

@article{Mueller2012,
  title={Closing yield gaps through nutrient and water management},
  author={Mueller, Nathaniel D and Gerber, James S and Johnston, Matt and Ray, Deepak K and Ramankutty, Navin and Foley, Jonathan A},
  journal={Nature},
  volume={490},
  number={7419},
  pages={254},
  year={2012},
  publisher={Nature Publishing Group},
}

@article{Macdonald1980,
  title={Global crop forecasting},
  author={MacDonald, Robert B and Hall, Forrest G},
  journal={Science},
  volume={208},
  number={4445},
  pages={670--679},
  year={1980},
  publisher={American Association for the Advancement of Science}
}

@article{matese2015,
  title={Intercomparison of UAV, aircraft and satellite remote sensing platforms for precision viticulture},
  author={Matese, Alessandro and Toscano, Piero and Di Gennaro, Salvatore Filippo and Genesio, Lorenzo and Vaccari, Francesco Primo and Primicerio, Jacopo and Belli, Claudio and Zaldei, Alessandro and Bianconi, Roberto and Gioli, Beniamino},
  journal={Remote Sensing},
  volume={7},
  number={3},
  pages={2971--2990},
  year={2015},
  publisher={Multidisciplinary Digital Publishing Institute}
}

@inproceedings{wang2015,
  title={Advances in research on crop identification using SAR},
  author={Wang, Di and Su, Yan and Zhou, Qingbo and Chen, Zhongxin},
  booktitle={Agro-Geoinformatics (Agro-geoinformatics), 2015 Fourth International Conference on},
  pages={312--317},
  year={2015},
  organization={IEEE}
}

@article{hall1997,
  title={An introduction to multisensor data fusion},
  author={Hall, David L and Llinas, James},
  journal={Proceedings of the IEEE},
  volume={85},
  number={1},
  pages={6--23},
  year={1997},
  publisher={IEEE}
}

@book{bishop2012,
  title={Pattern Recognition and Machine Learning},
  author={Bishop, Christopher M and Mitchell, Tom M},
  year={2014},
  publisher={Springer}
}

@misc{sen2agri,
author = {European Space Agency - ESA},
title = {THE SEN2AGRI SYSTEM: Sentinel-2 for Agriculture},
url = {http://www.esa-sen2agri.org/},
urldate = {2019-01-10},
year = {2019}
}

@misc{sensagri,
author = {European Space Agency - ESA},
title = {Sentinels Synergy for Agriculture - SENSAGRI},
url = {http://sensagri.eu/},
urldate = {2019-01-10},
year = {2019}
}


@Article{Forkuor2014,
AUTHOR = {Forkuor, Gerald and Conrad, Christopher and Thiel, Michael and Ullmann, Tobias and Zoungrana, Evence},
TITLE = {Integration of Optical and Synthetic Aperture Radar Imagery for Improving Crop Mapping in Northwestern Benin, West Africa},
JOURNAL = {Remote Sensing},
VOLUME = {6},
YEAR = {2014},
NUMBER = {7},
PAGES = {6472--6499},
URL = {http://www.mdpi.com/2072-4292/6/7/6472},
ISSN = {2072-4292},
DOI = {10.3390/rs6076472}
}

@article{LiuMark2014,
  title={Crop Type Classification by Simultaneous Use of Satellite Images of Different Resolutions},
  author={Mark W. Liu and Mutlu Ozdogan and Xiaojin Zhu},
  journal={IEEE Transactions on Geoscience and Remote Sensing},
  year={2014},
  volume={52},
  pages={3637-3649}
}

@article{Tatsumi2016,
  title={Pixel-based crop classification in Peru from Landsat 7 ETM+ images using a Random Forest model},
  author={Kenichi TATSUMI and Yosuke YAMASHIKI and Anggie Karolin Morales MORANTE and Lia Ramos FERNÁNDEZ and Ricardo Apaclla NALVARTE},
  journal={Journal of Agricultural Meteorology},
  volume={72},
  number={1},
  pages={1-11},
  year={2016},
  doi={10.2480/agrmet.D-15-00010}
}


@article{Durgun2016,
AUTHOR = {Yetkin Özüm Durgun and Anne Gobin and Ruben Van De Kerchove and Bernard Tychon},
TITLE = {Crop Area Mapping Using 100-m Proba-V Time Series},
JOURNAL = {Remote Sensing},
VOLUME = {8},
YEAR = {2016},
NUMBER = {7},
ARTICLE-NUMBER = {585},
URL = {http://www.mdpi.com/2072-4292/8/7/585},
ISSN = {2072-4292},
DOI = {10.3390/rs8070585}
}

@article{Bargiel2017,
title = "A new method for crop classification combining time series of radar images and crop phenology information",
journal = "Remote Sensing of Environment",
volume = "198",
pages = "369 - 383",
year = "2017",
issn = "0034-4257",
doi = "https://doi.org/10.1016/j.rse.2017.06.022",
url = "http://www.sciencedirect.com/science/article/pii/S0034425717302821",
author = "Damian Bargiel",
keywords = "Agriculture, Sentinel-1, Radar, Classification, Phenology",
}

@Article{Heupel2018,
author="Heupel, Katharina
and Spengler, Daniel
and Itzerott, Sibylle",
title="A Progressive Crop-Type Classification Using Multitemporal Remote Sensing Data and Phenological Information",
journal="PFG -- Journal of Photogrammetry, Remote Sensing and Geoinformation Science",
year="2018",
month="Apr",
day="01",
volume="86",
number="2",
pages="53--69",
issn="2512-2819",
doi="10.1007/s41064-018-0050-7",
url="https://doi.org/10.1007/s41064-018-0050-7"
}

@article{Belgiu2018,
title = "Sentinel-2 cropland mapping using pixel-based and object-based time-weighted dynamic time warping analysis",
author = "Mariana Belgiu and Ovidiu Csillik",
year = "2018",
month = "1",
doi = "10.1016/j.rse.2017.10.005",
language = "English",
volume = "204",
pages = "509--523",
journal = "Remote sensing of environment",
issn = "0034-4257",
publisher = "Elsevier",
}

@article{Clerici2017,
author = {Nicola Clerici and Cesar Augusto Valbuena Calderón and Juan Manuel Posada},
title = {Fusion of Sentinel-1A and Sentinel-2A data for land cover mapping: a case study in the lower Magdalena region, Colombia},
journal = {Journal of Maps},
volume = {13},
number = {2},
pages = {718-726},
year  = {2017},
publisher = {Taylor & Francis},
doi = {10.1080/17445647.2017.1372316},
URL = { https://doi.org/10.1080/17445647.2017.1372316},
eprint = { https://doi.org/10.1080/17445647.2017.1372316}
}

@Article{Schultz2015,
AUTHOR = {Schultz, Bruno and Immitzer, Markus and Formaggio, Antonio Roberto and Sanches, Ieda Del’ Arco and Luiz, Alfredo José Barreto and Atzberger, Clement},
TITLE = {Self-Guided Segmentation and Classification of Multi-Temporal Landsat 8 Images for Crop Type Mapping in  Southeastern Brazil},
JOURNAL = {Remote Sensing},
VOLUME = {7},
YEAR = {2015},
NUMBER = {11},
PAGES = {14482--14508},
URL = {http://www.mdpi.com/2072-4292/7/11/14482},
ISSN = {2072-4292},
DOI = {10.3390/rs71114482}
}

@article{Leite2011,
 author = {Leite, Paula Beatriz Cerqueira and Feitosa, Raul Queiroz and Formaggio, Ant\^{o}nio Roberto and da Costa, Gilson Alexandre Ostwald Pedro and Pakzad, Kian and Sanches, Ieda Del'Arco},
 title = {Hidden Markov Models for Crop Recognition in Remote Sensing Image Sequences},
 journal = {Pattern Recogn. Lett.},
 issue_date = {January, 2011},
 volume = {32},
 number = {1},
 month = jan,
 year = {2011},
 issn = {0167-8655},
 pages = {19--26},
 numpages = {8},
 url = {http://dx.doi.org/10.1016/j.patrec.2010.02.008},
 doi = {10.1016/j.patrec.2010.02.008},
 acmid = {1872647},
 publisher = {Elsevier Science Inc.},
 address = {New York, NY, USA},
 keywords = {Crop recognition, Hidden Markov Models, Remote sensing},
}

@Article{Siachalou2015,
AUTHOR = {Siachalou, Sofia and Mallinis, Giorgos and Tsakiri-Strati, Maria},
TITLE = {A Hidden Markov Models Approach for Crop Classification: Linking Crop Phenology to Time Series of Multi-Sensor Remote Sensing Data},
JOURNAL = {Remote Sensing},
VOLUME = {7},
YEAR = {2015},
NUMBER = {4},
PAGES = {3633--3650},
URL = {http://www.mdpi.com/2072-4292/7/4/3633},
ISSN = {2072-4292},
DOI = {10.3390/rs70403633}
}

@article{Liu2008,
title = "Using local transition probability models in Markov random fields for forest change detection",
journal = "Remote Sensing of Environment",
volume = "112",
number = "5",
pages = "2222 - 2231",
year = "2008",
note = "Earth Observations for Terrestrial Biodiversity and Ecosystems Special Issue",
issn = "0034-4257",
doi = "https://doi.org/10.1016/j.rse.2007.10.002",
url = "http://www.sciencedirect.com/science/article/pii/S0034425707004476",
author = "Desheng Liu and Kuan Song and John R.G. Townshend and Peng Gong",
keywords = "Forest change detection, Paraguay, Post-classification comparison, Markov random fields, Local transition probability model, Spatial-temporal information",
}

@article{Hagensieker2017,
  title={Tropical Land Use Land Cover Mapping in Par{\'a} (Brazil) using Discriminative Markov Random Fields and Multi-temporal TerraSAR-X Data},
  author={Ron Hagensieker and Ribana Roscher and Johannes Rosentreter and Benjamin Jakimow and Bj{\"o}rn Waske},
  journal={Int. J. Applied Earth Observation and Geoinformation},
  year={2017},
  volume={63},
  pages={244-256}
}


@article{hoberg2011multitemporal,
	AUTHOR = {Hoberg, T. and M\"uller, S.},
	TITLE = {MULTITEMPORAL CROP TYPE CLASSIFICATION USING CONDITIONAL RANDOM FIELDS AND RAPIDEYE DATA},
	JOURNAL = {ISPRS - International Archives of the Photogrammetry, Remote Sensing and Spatial Information Sciences},
	VOLUME = {XXXVIII-4/W19},
	YEAR = {2011},
	PAGES = {115--121},
	URL = {https://www.int-arch-photogramm-remote-sens-spatial-inf-sci.net/XXXVIII-4-W19/115/2011/},
	DOI = {10.5194/isprsarchives-XXXVIII-4-W19-115-2011}
}

@article{hoberg2015conditional,
	title={Conditional random fields for multitemporal and multiscale classification of optical satellite imagery},
	author={Hoberg, Thorsten and Rottensteiner, Franz and Feitosa, Raul Queiroz and Heipke, Christian},
	journal={IEEE Transactions on Geoscience and Remote Sensing},
	volume={53},
	number={2},
	pages={659--673},
	year={2015},
	publisher={IEEE}
}

@ARTICLE{Achanccaray2016ISPRSCongress,
   author = {{Diaz}, P.~M.~A. and {Feitosa}, R.~Q. and {Sanches}, I.~D. and 
	{Costa}, G.~A.~O.~P.},
    title = "{a Method to Estimate Temporal Interaction in a Conditional Random Field Based Approach for Crop Recognition}",
  journal = {ISPRS - International Archives of the Photogrammetry, Remote Sensing and Spatial Information Sciences},
     year = 2016,
    month = jun,
    pages = {205-211},
      doi = {10.5194/isprs-archives-XLI-B7-205-2016},
   adsurl = {http://adsabs.harvard.edu/abs/2016ISPAr41B7..205D},
  adsnote = {Provided by the SAO/NASA Astrophysics Data System}
}

@inproceedings{Achanccaray2017SBSR,
  title={Spatio-temporal Conditional Random Fields for recognition of sub-tropical crop types from multi-temporal images},
  author={P. Achanccaray and R. Q. Feitosa and F. Rottensteiner and I. D. Sanches and C. Heipke}, 
  booktitle={Anais do XVIII Simpósio Brasileiro de Sensoriamento Remoto. São José dos Campos},
  pages={2539--2546},
  year={2017},
  organization={INPE}
}

@INPROCEEDINGS{Achanccaray2017IGARSS, 
author={P. Achanccaray and R. Q. Feitosa and F. Rottensteiner and I. D. Sanches and C. Heipke}, 
booktitle={2017 IEEE International Geoscience and Remote Sensing Symposium (IGARSS)}, 
title={Spatial-temporal conditional random field based model for crop recognition in tropical regions}, 
year={2017}, 
volume={}, 
number={}, 
pages={3007-3010}, 
keywords={crops;geophysical image processing;image classification;image sequences;probability;radar imaging;smoothing methods;spatiotemporal phenomena;synthetic aperture radar;vegetation mapping;spatial domain;temporal domain;CRF based model;crop mapping;mono-temporal CRF approach;crop recognition;spatio-temporal Conditional Random Field based model;multitemporal remote sensing image sequences;image site;class posterior probabilities;Random Forest classifier;contrast-sensitive Potts model;Sentinel-1 images;label smoothing method;Landsat images;Ipuã;Campo Verde;São Paulo;Mato Grosso;Brazil;Optical images;Agriculture;Remote sensing;Earth;Artificial satellites;Mathematical model;Computational modeling;Image sequences;remote sensing;probabilistic graphical models;crop recognition;Landsat images;Sentinel-1}, 
doi={10.1109/IGARSS.2017.8127631}, 
ISSN={2153-7003}, 
month={July},}

@ARTICLE{Kussul2017, 
author={N. Kussul and M. Lavreniuk and S. Skakun and A. Shelestov}, 
journal={IEEE Geoscience and Remote Sensing Letters}, 
title={Deep Learning Classification of Land Cover and Crop Types Using Remote Sensing Data}, 
year={2017}, 
volume={14}, 
number={5}, 
pages={778-782}, 
keywords={crops;image segmentation;land cover;multilayer perceptrons;neural nets;vegetation mapping;multitemporal multisource satellite imagery;unsupervised neural network;optical imagery segmentation;missing data restoration;supervised neural network ensemble;supervised neural network architecture;multilayer perceptron;MLP;remote sensing community random forest;crop assessment;crop monitoring;Ukraine;heterogeneous environment;Landsat-8 remote sensing satellite;Sentinel-1A remote sensing satellite;maize;soybeans;wheat;sunflower;sugar beet;summer crop type classification;deep learning architecture;remote sensing images;image processing;land cover;deep learning classification;Agriculture;Satellites;Remote sensing;Earth;Artificial neural networks;Optical imaging;Optical sensors;Agriculture;convolutional neural networks (CNNs);crop classification;deep learning (DL);joint experiment of crop assessment and monitoring (JECAM);Landsat-8;remote sensing (RS);Sentinel-1;TensorFlow;Ukraine}, 
doi={10.1109/LGRS.2017.2681128}, 
ISSN={1545-598X}, 
month={May},}

@INPROCEEDINGS{Bermudez2017, 
author={J. D. B. Castro and R. Q. Feitoza and L. C. L. Rosa and P. M. A. Diaz and I. D. A. Sanches}, 
booktitle={2017 30th SIBGRAPI Conference on Graphics, Patterns and Images (SIBGRAPI)}, 
title={A Comparative Analysis of Deep Learning Techniques for Sub-Tropical Crop Types Recognition from Multitemporal Optical/SAR Image Sequences}, 
year={2017}, 
volume={}, 
number={}, 
pages={382-389}, 
keywords={agriculture;crops;geophysical image processing;geophysical signal processing;image classification;image sequences;learning (artificial intelligence);neural nets;radar imaging;remote sensing;synthetic aperture radar;comparative analysis;deep learning techniques;traditional approach;Mato Grosso state;DL based approaches;image stacking approach;SAR images;multitemporal optical images;crop classification;RS community;powerful state-of-the-art technique;context Deep;crop type classification tasks;land-cover;temporal information;spatial information;multiple harvest;crop rotation;nontillage;multiple agricultural practices;crop dynamics;tropical areas;crop condition;Remote Sensing;multitemporal optical/SAR image sequences;sub-tropical crop types recognition;Agriculture;Remote sensing;Stacking;Satellites;Training;Feature extraction;Earth;Crop Recognition;Multitemporal Images;Autoencoders;Convolutional Neural Networks}, 
doi={10.1109/SIBGRAPI.2017.57}, 
ISSN={2377-5416}, 
month={Oct},}

@INPROCEEDINGS{Cue2018, 
author={L. E. Cué La Rosa and P. N. Happ and R. Q. Feitosa}, 
booktitle={IGARSS 2018 - 2018 IEEE International Geoscience and Remote Sensing Symposium}, 
title={Dense Fully Convolutional Networks for Crop Recognition from Multitemporal SAR Image Sequences}, 
year={2018}, 
volume={}, 
number={}, 
pages={7460-7463}, 
keywords={crops;image classification;image sequences;radar imaging;synthetic aperture radar;crop recognition;multitemporal SAR image sequences;computational load evaluation;patch classification;South America;Sentinel-1A sequences;multitemporal RS imaging;dense fully convolutional network architecture;Agriculture;Computer architecture;Training;Remote sensing;Convolution;Synthetic aperture radar;crop type classification;multitemporal analysis;SAR;Deep Learning;fully convolutional networks}, 
doi={10.1109/IGARSS.2018.8517995}, 
ISSN={2153-7003}, 
month={July},}

@INPROCEEDINGS{Bermudez2018, 
author={J. B. Castro and R. Q. Feitosa and P. N. Happ}, 
booktitle={IGARSS 2018 - 2018 IEEE International Geoscience and Remote Sensing Symposium}, 
title={An Hybrid Recurrent Convolutional Neural Network for Crop Type Recognition Based on Multitemporal Sar Image Sequences}, 
year={2018}, 
volume={}, 
number={}, 
pages={3824-3827}, 
keywords={agriculture;crops;feature extraction;geophysical image processing;image classification;image sequences;radar imaging;recurrent neural nets;remote sensing by radar;synthetic aperture radar;Recurrent Neural Networks;RNNs;temporal modeling problems;image classification;spatial context;hybrid network architecture;crop mapping;recurrent networks;conventional image stacking approach;hybrid recurrent Convolutional Neural network;crop type recognition;CNN learned features;multitemporal sar image sequences;multitemporal remote sensing data;agriculture monitoring;Agriculture;Recurrent neural networks;Stacking;Remote sensing;Convolutional neural networks;Logic gates;Image recognition;Crop Recognition;Convolutional Neural Networks;Recurrent Neural Networks}, 
doi={10.1109/IGARSS.2018.8517280}, 
ISSN={2153-7003}, 
month={July},}

@Article{Ndikumana2018,
AUTHOR = {Ndikumana, Emile and Ho Tong Minh, Dinh and Baghdadi, Nicolas and Courault, Dominique and Hossard, Laure},
TITLE = {Deep Recurrent Neural Network for Agricultural Classification using multitemporal SAR Sentinel-1 for Camargue, France},
JOURNAL = {Remote Sensing},
VOLUME = {10},
YEAR = {2018},
NUMBER = {8},
ARTICLE-NUMBER = {1217},
URL = {http://www.mdpi.com/2072-4292/10/8/1217},
ISSN = {2072-4292},
DOI = {10.3390/rs10081217}
}

@Article{Russwurm2018,
AUTHOR = {Rußwurm, Marc and Körner, Marco},
TITLE = {Multi-Temporal Land Cover Classification with Sequential Recurrent Encoders},
JOURNAL = {ISPRS International Journal of Geo-Information},
VOLUME = {7},
YEAR = {2018},
NUMBER = {4},
ARTICLE-NUMBER = {129},
URL = {http://www.mdpi.com/2220-9964/7/4/129},
ISSN = {2220-9964},
DOI = {10.3390/ijgi7040129}
}

@article{Zhong2019,
title = "Deep learning based multi-temporal crop classification",
journal = "Remote Sensing of Environment",
volume = "221",
pages = "430 - 443",
year = "2019",
issn = "0034-4257",
doi = "https://doi.org/10.1016/j.rse.2018.11.032",
url = "http://www.sciencedirect.com/science/article/pii/S0034425718305418",
author = "Liheng Zhong and Lina Hu and Hang Zhou",
keywords = "Crop classification, Deep learning, Artificial neural network, Convolutional neural network, Multi-temporal classification, Landsat",
}

@article{Maus2016,
  title={A Time-Weighted Dynamic Time Warping Method for Land-Use and Land-Cover Mapping},
  author={Victor Maus and Gilberto C{\^a}mara and Ricardo Cartaxo and A. Sanchez and Fernando M. Ramos and Gilberto R. de Queiroz},
  journal={IEEE Journal of Selected Topics in Applied Earth Observations and Remote Sensing},
  year={2016},
  volume={9},
  pages={3729-3739}
}

@book{Gonzalez2002,
  title={Digital Image Processing (3rd Edition)},
  author={Rafael C. Gonzalez and Richard E. Woods},
  year={2002},
  publisher={Pearson}
}

@ARTICLE{Lecun1998LeNet5, 
    author={Y. Lecun and L. Bottou and Y. Bengio and P. Haffner}, 
    journal={Proceedings of the IEEE}, 
    title={Gradient-based learning applied to document recognition}, 
    year={1998}, 
    volume={86}, 
    number={11}, 
    pages={2278-2324}, 
    keywords={optical character recognition;multilayer perceptrons;backpropagation;convolution;gradient-based learning;document recognition;multilayer neural networks;back-propagation;gradient based learning technique;complex decision surface synthesis;high-dimensional patterns;handwritten character recognition;handwritten digit recognition task;2D shape variability;document recognition systems;field extraction;segmentation recognition;language modeling;graph transformer networks;GTN;multimodule systems;performance measure minimization;cheque reading;convolutional neural network character recognizers;Neural networks;Pattern recognition;Machine learning;Optical character recognition software;Character recognition;Feature extraction;Multi-layer neural network;Optical computing;Hidden Markov models;Principal component analysis}, 
    doi={10.1109/5.726791}, 
    ISSN={0018-9219}, 
    month={Nov},
}

@article{Ioffe2015BN,
  author    = {Sergey Ioffe and
               Christian Szegedy},
  title     = {Batch Normalization: Accelerating Deep Network Training by Reducing
               Internal Covariate Shift},
  journal   = {CoRR},
  volume    = {abs/1502.03167},
  year      = {2015},
  url       = {http://arxiv.org/abs/1502.03167},
  archivePrefix = {arXiv},
  eprint    = {1502.03167},
  timestamp = {Mon, 13 Aug 2018 16:47:06 +0200},
  biburl    = {https://dblp.org/rec/bib/journals/corr/IoffeS15},
  bibsource = {dblp computer science bibliography, https://dblp.org}
}

@article{Srivastava2014Dropout,
  author  = {Nitish Srivastava and Geoffrey Hinton and Alex Krizhevsky and Ilya Sutskever and Ruslan Salakhutdinov},
  title   = {Dropout: A Simple Way to Prevent Neural Networks from Overfitting},
  journal = {Journal of Machine Learning Research},
  year    = {2014},
  volume  = {15},
  pages   = {1929-1958},
  url     = {http://jmlr.org/papers/v15/srivastava14a.html}
}

@article{Zhang2018Decay,
  author    = {Guodong Zhang and
               Chaoqi Wang and
               Bowen Xu and
               Roger B. Grosse},
  title     = {Three Mechanisms of Weight Decay Regularization},
  journal   = {CoRR},
  volume    = {abs/1810.12281},
  year      = {2018},
  url       = {http://arxiv.org/abs/1810.12281},
  archivePrefix = {arXiv},
  eprint    = {1810.12281},
  timestamp = {Thu, 01 Nov 2018 18:03:07 +0100},
  biburl    = {https://dblp.org/rec/bib/journals/corr/abs-1810-12281},
  bibsource = {dblp computer science bibliography, https://dblp.org}
}

@incollection{dempster2008,
  title={Upper and lower probabilities induced by a multivalued mapping},
  author={Dempster, Arthur P},
  booktitle={Classic Works of the Dempster-Shafer Theory of Belief Functions},
  pages={57--72},
  year={2008},
  publisher={Springer}
}

@book{shafer1976,
  title={A mathematical theory of evidence},
  author={Shafer, Glenn},
  volume={42},
  year={1976},
  publisher={Princeton university press}
}

@book{HMM2001,
  title={Hidden Markov Models: Applications in Computer Vision},
  author={Horst, Bunke and Michael, Caelli Terry},
  volume={45},
  year={2001},
  publisher={World Scientific}
}

@incollection{MRF1987geman,
  title={Stochastic relaxation, Gibbs distributions, and the Bayesian restoration of images},
  author={Geman, Stuart and Geman, Donald},
  booktitle={Readings in computer vision},
  pages={564--584},
  year={1987},
  publisher={Elsevier}
}

@book{goodfellow2016deep,
  title={Deep learning},
  author={Goodfellow, Ian and Bengio, Yoshua and Courville, Aaron},
  year={2016},
  publisher={MIT press}
}

% ---- my published works

@article{martinez2021fully,
  title={Fully convolutional recurrent networks for multidate crop recognition from multitemporal image sequences},
  author={Martinez, Jorge Andres Chamorro and La Rosa, Laura Elena Cu{\'e} and Feitosa, Raul Queiroz and Sanches, Ieda Del’Arco and Happ, Patrick Nigri},
  journal={ISPRS Journal of Photogrammetry and Remote Sensing},
  volume={171},
  pages={188--201},
  year={2021},
  publisher={Elsevier}
}

@article{martinez2021open,
  title={Open set semantic segmentation for multitemporal crop recognition},
  author={Martinez, Jorge A Chamorro and Oliveira, Hugo and dos Santos, Jefersson A and Feitosa, Raul Queiroz},
  journal={IEEE Geoscience and Remote Sensing Letters},
  volume={19},
  pages={1--5},
  year={2021},
  publisher={IEEE}
}

@article{rogozinski20223d,
  title={3D convolution for multidate crop recognition from multitemporal image sequences},
  author={Rogozinski, Marcos and Martinez, Jorge Andres Chamorro and Feitosa, Raul Queiroz},
  journal={International Journal of Remote Sensing},
  volume={43},
  number={15-16},
  pages={6056--6077},
  year={2022},
  publisher={Taylor \& Francis}
}
@article{martinez2022comparison,
  title={a Comparison of Cloud Removal Methods for Deforestation Monitoring in Amazon Rainforest},
  author={Martinez, JAC and Adarme, MXO and Turnes, JN and Costa, GAOP and De Almeida, CA and Feitosa, RQ},
  journal={The International Archives of Photogrammetry, Remote Sensing and Spatial Information Sciences},
  volume={43},
  pages={665--671},
  year={2022},
  publisher={Copernicus GmbH}
}

@inproceedings{rogozinski2021exploring,
  title={Exploring Temporal Context at Multiple Scales for Crop Mapping with Fully Convolutional Recurrent Nets and Fully Connected CRFS},
  author={Rogozinski, Marcos and Martinez, Jorge Andres Chamorro and Happ, Patrick Nigri and Feitosa, Raul Queiroz},
  booktitle={2021 IEEE International Geoscience and Remote Sensing Symposium IGARSS},
  pages={2305--2308},
  year={2021},
  organization={IEEE}
}

@article{chamorro2021towards,
  title={Towards Lifelong Crop Recognition Using Fully Convolutional Recurrent Networks and SAR Image Sequences},
  author={Chamorro, JA and Feitosa, RQ and Happ, PN and Bermudez, JD},
  journal={The International Archives of Photogrammetry, Remote Sensing and Spatial Information Sciences},
  volume={43},
  pages={923--929},
  year={2021},
  publisher={Copernicus GmbH}
}

@article{sanches2020first,
  title={First Results of the LEM Benchmark Database for Agricultural Applications},
  author={Sanches, I and Feitosa, R and Montibeller, B and Diaz, P and Luiz, A and Soares, M and Prudente, V and Vieira, DC and Maurano, LEP and Happ, PN and Chamorro, J and Oldoni, LV},
  journal={ISPRS-International Archives of the Photogrammetry, Remote Sensing and Spatial Information Sciences},
  volume={43},
  pages={251--256},
  year={2020}
}


@article{carvalho2023outlier,
  title={Outlier Exposure For Open Set Recognition from Multitemporal Image Sequences},
  author={Carvalho, T and Chamorro, JA and Oliveira, H and dos Santos, JA and Feitosa, RQ},
  journal={IEEE Geoscience And Remote Sensing Letters},
  year={2023},
  publisher={IEEE}
}

@article{chamorro2023semi,
  title={A Semi-Automatic Methodology for Deforestation Mapping Based on Uncertainty Estimation for Automatic Deforestation Mapping in the Brazilian Amazon},
  author={Chamorro, JA and Adarme, MX and Costa, GA and Feitosa, RQ},
  journal={Journal of Selected Topics in Applied Earth Observations and Remote Sensing},
  year={2023},
  publisher={IEEE}
}

@ARTICLE{10042432,

  author={Carvalho, Thiago and Chamorro Martinez, Jorge A. and Oliveira, Hugo and Dos Santos, Jefersson A. and Feitosa, Raul Queiroz},

  journal={IEEE Geoscience and Remote Sensing Letters}, 

  title={Outlier Exposure for Open Set Crop Recognition from Multitemporal Image Sequences}, 

  year={2023},

  volume={},

  number={},

  pages={1-1},

  doi={10.1109/LGRS.2023.3244532}}

% -------------------
% evidential

@inproceedings{holmquist2023evidential,
  title={Evidential Deep Learning for Class-Incremental Semantic Segmentation},
  author={Holmquist, Karl and Klas{\'e}n, Lena and Felsberg, Michael},
  booktitle={Scandinavian Conference on Image Analysis},
  pages={32--48},
  year={2023},
  organization={Springer}
}
@inproceedings{do2022epistemic,
  title={Epistemic uncertainty estimation with evidential learning on semantic segmentation of underwater images},
  author={Do Nascimento, Gustavo Henrique and Evald, Paulo Jefferson Dias De Oliveira and Drews, Paulo Lilles Jorge},
  booktitle={2022 Latin American Robotics Symposium (LARS), 2022 Brazilian Symposium on Robotics (SBR), and 2022 Workshop on Robotics in Education (WRE)},
  pages={1--6},
  year={2022},
  organization={IEEE}
}

@article{tong2021evidential,
  title={Evidential fully convolutional network for semantic segmentation},
  author={Tong, Zheng and Xu, Philippe and Denoeux, Thierry},
  journal={Applied Intelligence},
  volume={51},
  pages={6376--6399},
  year={2021},
  publisher={Springer}
}
